@incollection{CNN,
title = {Handwritten Digit Recognition with a Back-Propagation Network},
author = {LeCun, Y. and B. E. Boser and J. S. Denker and D. Henderson and R. E. Howard and W. E. Hubbard and L. D. Jackel},
booktitle = {Advances in Neural Information Processing Systems 2},
pages = {396--404},
year = {1990},
publisher = {Morgan-Kaufmann},
}

@article{AlexNet,
  author    = {Alex Krizhevsky},
  title     = {One weird trick for parallelizing convolutional neural networks},
  journal   = {CoRR},
  volume    = {abs/1404.5997},
  year      = {2014},
  url       = {http://arxiv.org/abs/1404.5997},
  archivePrefix = {arXiv},
  eprint    = {1404.5997},
  timestamp = {Mon, 13 Aug 2018 16:48:41 +0200},
  biburl    = {https://dblp.org/rec/bib/journals/corr/Krizhevsky14},
  bibsource = {dblp computer science bibliography, https://dblp.org}
}

@article{VGG,
author = {Simonyan, Karen and Zisserman, Andrew},
year = {2014},
month = {09},
pages = {},
title = {Very Deep Convolutional Networks for Large-Scale Image Recognition},
journal = {arXiv 1409.1556}
}

@INPROCEEDINGS{ResNet,
author={K. He and X. Zhang and S. Ren and J. Sun},
booktitle={IEEE Conference on Computer Vision and Pattern Recognition},
title={Deep Residual Learning for Image Recognition},
year={2016},
volume={},
number={},
pages={770-778},
}

@article{RNN,
author="JORDAN, M.",
title="Attractor dynamics and parallelism in a connectionist sequential machine",
journal="Proceedings of the Ninth Annual conference of the Cognitive Science Society",
ISSN="",
publisher="",
year="1986",
month="",
volume="",
number="",
pages="531-546",
URL="https://ci.nii.ac.jp/naid/10008954896/",
DOI="",
}

@article{GRU,
  title={Empirical Evaluation of Gated Recurrent Neural Networks on Sequence Modeling},
  author={Junyoung Chung and Çaglar G{\"u}lçehre and Kyunghyun Cho and Yoshua Bengio},
  journal={ArXiv},
  year={2014},
  volume={abs/1412.3555}
}

@article{LSTM,
 author = {Hochreiter, S. and Schmidhuber, J.},
 title = {Long Short-Term Memory},
 journal = {Neural Comput.},
 volume = {9},
 number = {8},
 year = {1997},
 pages = {1735--1780},
 publisher = {MIT Press},
}

@incollection{Transformer,
title = {Attention is All you Need},
author = {Vaswani, Ashish and Shazeer, Noam and Parmar, Niki and Uszkoreit, Jakob and Jones, Llion and Gomez, Aidan N and Kaiser, \L ukasz and Polosukhin, Illia},
booktitle = {Advances in Neural Information Processing Systems 30},
editor = {I. Guyon and U. V. Luxburg and S. Bengio and H. Wallach and R. Fergus and S. Vishwanathan and R. Garnett},
pages = {5998--6008},
year = {2017},
publisher = {Curran Associates, Inc.},
url = {http://papers.nips.cc/paper/7181-attention-is-all-you-need.pdf}
}

@inproceedings{ImageNet,
 author = {Krizhevsky, Alex and Sutskever, Ilya and Hinton, Geoffrey E.},
 title = {ImageNet Classification with Deep Convolutional Neural Networks},
 booktitle = {Proceedings of the 25th International Conference on Neural Information Processing Systems - Volume 1},
 series = {NIPS'12},
 year = {2012},
 pages = {1097--1105},
 publisher = {Curran Associates Inc.},
}

@INPROCEEDINGS{DL_LVCSR,
author={Bahdanau, Dzmitry and Chorowski, Jan and Serdyuk, PDmitriy and Brakel, hilémon and Bengio, Yoshua},
booktitle={IEEE International Conference on Acoustics, Speech, and Signal Processing (ICASSP)},
title={End-to-end attention-based large vocabulary speech recognition},
year={2016},
volume={},
number={},
pages={},
}

@incollection{GAN,
title = {Generative Adversarial Nets},
author = {Goodfellow, Ian and Pouget-Abadie, Jean and Mirza, Mehdi and Xu, Bing and Warde-Farley, David and Ozair, Sherjil and Courville, Aaron and Bengio, Yoshua},
booktitle = {Advances in Neural Information Processing Systems 27},
pages = {2672--2680},
year = {2014},
publisher = {Curran Associates, Inc.},
}

@article{VAE,
author = {Kingma, Diederik and Welling, Max},
year = {2013},
month = {12},
title = {Auto-Encoding Variational Bayes},
journal = {ICLR}
}

@incollection{Seq2Seq,
title = {Sequence to Sequence Learning with Neural Networks},
author = {Sutskever, Ilya and Vinyals, Oriol and Le, Quoc V},
booktitle = {Advances in Neural Information Processing Systems 27},
pages = {3104--3112},
year = {2014},
publisher = {Curran Associates, Inc.},
}

@article{effective_attention,
author = {Luong, Minh-Thang and Pham, Hieu and Manning, Christoper},
year = {2015},
title = {Effective Approaches to Attention-based Neural Machine Translation},
}

@inproceedings{anxious_learning,
author = {Bulitko, Vadim and Doucet, Kacy},
year = {2018},
month = {08},
pages = {1-4},
booktitle = {IEEE Symposium on Computational Intelligence and Games, CIG},
title = {Anxious Learning in Real-Time Heuristic Search},
doi = {10.1109/CIG.2018.8490400}
}

@article{Chemistry1,
author = {Lusci, Alessandro and Pollastri, Gianluca and Baldi, Pierre},
year = {2013},
month = {06},
pages = {},
title = {Deep Architectures and Deep Learning in Chemoinformatics: The Prediction of Aqueous Solubility for Drug-Like Molecules},
volume = {53},
journal = {Journal of chemical information and modeling},
doi = {10.1021/ci400187y}
}

@article{Chemistry2,
author = {Elton, Daniel and Boukouvalas, Zois and Fuge, Mark and Chung, Peter},
issue_date = {1 August 2019},
year = {2019},
number = {4},
pages = {667-988},
title = {Deep learning for molecular design - a review of the state of the art},
journal = {Molecular Systems Design \& Engineering},
publisher = {Royal Society of Chemistry},
doi = {10.1039/C9ME00039A}
}

@article{Genomics,
author = {Kelley, David and Snoek, Jasper and Rinn, John},
issue_date = {3 May 2016},
month = {10},
year = {2016},
pages = {028399},
title = {Basset: Learning the regulatory code of the accessible genome with deep convolutional neural networks.},
journal = {Genome Res.},
publisher = {Cold Spring Harbor Laboratory Press},
doi = {10.1101/028399}
}

@article{stock_prediction,
author = {Singh, Ritika and Srivastava, Shashi},
year = {2016},
month = {11},
pages = {1-16},
title = {Stock prediction using deep learning},
journal = {Multimedia Tools and Applications},
doi = {10.1007/s11042-016-4159-7}
}

@article{skin_cancer_melanoma,
author = {Esteva, Andre and Kuprel, Brett and Novoa, Roberto and Ko, Justin and Swetter, Susan and Blau, Helen and Thrun, Sebastian},
issue_date = {1 Feb 2017},
year = {2017},
pages = {115-118},
title = {Dermatologist-level classification of skin cancer with deep neural networks},
volume = {542},
journal = {Nature},
doi = {10.1038/nature21056}
}

@article{radiology,
author = {Hosny, Ahmed and Parmar, Chintan and Quackenbush, John and Schwartz, Lawrence and Aerts, Hugo},
year = {2018},
month = {05},
pages = {500-510},
title = {Artificial intelligence in radiology},
volume = {18},
journal = {Nature Reviews Cancer},
doi = {10.1038/s41568-018-0016-5}
}

@article{stomach_cancer,
author = {Hirasawa, Toshiaki and Aoyama, Kazuharu and Tanimoto, Tetsuya and Ishihara, Soichiro and Shichijo, Satoki and Ozawa, Tsuyoshi and Ohnishi, Tatsuya and Fujishiro, Mitsuhiro and Matsuo, Keigo and Fujisaki, Junko and Tada, Tomohiro},
year = {2018},
month = {01},
pages = {1-8},
title = {Application of artificial intelligence using a convolutional neural network for detecting gastric cancer in endoscopic images},
volume = {21},
journal = {Gastric Cancer},
doi = {10.1007/s10120-018-0793-2}
}

@article{esophageal_cancer,
author = {Horie, Yoshimasa and Yoshio, Toshiyuki and Aoyama, Kazuharu and Yoshimizu, Syouichi and Horiuchi, Yusuke and Ishiyama, Akiyoshi and Hirasawa, Toshiaki and Tuchida, Tomohiro and Ozawa, Tsuyoshi and Ishihara, Soichiro and Kumagai, Youichi and Fujishiro, Mitsuhiro and Maetani, Iruru and Fujisaki, Junko and Tada, Tomohiro},
year = {2018},
month = {08},
pages = {},
title = {The diagnostic outcomes of esophageal cancer by artificial intelligence using convolutional neural networks},
volume = {89},
journal = {Gastrointestinal Endoscopy},
doi = {10.1016/j.gie.2018.07.037}
}

@article{medical_problem2,
author = {Hosokawa, Osamu and Hattori, Masakazu and Douden, Kenji and Hayashi, Hiroyuki and Ohta, Kouji and Kaizaki, Yasuharu},
year = {2007},
month = {04},
pages = {442-4},
title = {Difference in accuracy between gastroscopy and colonoscopy for detection of cancer},
volume = {54},
journal = {Hepato-gastroenterology}
}

@inproceedings{SSD,
title   = {SSD: Single Shot MultiBox Detector},
author  = {Wei Liu and Dragomir Anguelov and Dumitru Erhan and Christian Szegedy and Scott Reed, and Cheng-Yang Fu, and Alexander C. Berg},
year    = {2016},
URL = {http://arxiv.org/abs/1512.02325},
note    = {To appear.}
}

@article{MeCab,
author="土屋, 雅稔 and 宇津呂, 武仁 and 松吉, 俊 and 佐藤理史 and 中川, 聖一",
title="日本語複合辞用例データベースの作成と分析",
journal="情報処理学会論文誌",
ISSN="1882-7764",
publisher="情報処理学会",
year="2006",
month="jun",
volume="47",
number="6",
pages="1728-1741",
URL="https://ci.nii.ac.jp/naid/110004729735/",
DOI="",
}

@Misc{Pytorch,
  title        = "{Pytorch}",
  howpublished = "\url{https://pytorch.org/}"
}

@InProceedings{DenseNet,
author = {Huang, Gao and Liu, Zhuang and van der Maaten, Laurens and Weinberger, Kilian Q.},
title = {Densely Connected Convolutional Networks},
booktitle = {The IEEE Conference on Computer Vision and Pattern Recognition (CVPR)},
month = {July},
year = {2017}
}

@InProceedings{3D_ResNet,
author = {Tran, Du and Wang, Heng and Torresani, Lorenzo and Ray, Jamie and LeCun, Yann and Paluri, Manohar},
title = {A Closer Look at Spatiotemporal Convolutions for Action Recognition},
booktitle = {The IEEE Conference on Computer Vision and Pattern Recognition (CVPR)},
month = {June},
year = {2018}
}

@article{SGD,
author = {Kiefer, Joe and Wolfowitz, J.},
year = {1952},
month = {09},
pages = {},
title = {Stochastic Estimation of the Maximum of A Regression Function},
volume = {23},
journal = {The Annals of Mathematical Statistics},
doi = {10.1214/aoms/1177729392}
}

@article{Adam,
author = {Kingma, Diederik and Ba, Jimmy},
year = {2014},
month = {12},
pages = {},
title = {Adam: A Method for Stochastic Optimization},
journal = {International Conference on Learning Representations}
}
